@article{goodfellow2014generative,
  title={Generative adversarial nets},
  author={Goodfellow, Ian and Pouget-Abadie, Jean and Mirza, Mehdi and Xu, Bing and Warde-Farley, David and Ozair, Sherjil and Courville, Aaron and Bengio, Yoshua},
  journal={Advances in neural information processing systems},
  volume={27},
  year={2014}
}

@article{little2021generative,
  title={Generative Adversarial Networks for Synthetic Data Generation: A Comparative Study},
  author={Little, Claire and Elliot, Mark and Allmendinger, Richard and Samani, Sahel Shariati},
  journal={arXiv preprint arXiv:2112.01925},
  year={2021}
}

@article{borkman2021unity,
  title={Unity perception: Generate synthetic data for computer vision},
  author={Borkman, Steve and Crespi, Adam and Dhakad, Saurav and Ganguly, Sujoy and Hogins, Jonathan and Jhang, You-Cyuan and Kamalzadeh, Mohsen and Li, Bowen and Leal, Steven and Parisi, Pete and others},
  journal={arXiv preprint arXiv:2107.04259},
  year={2021}
}
@inproceedings{hinterstoisser2019annotation,
  title={An annotation saved is an annotation earned: Using fully synthetic training for object detection},
  author={Hinterstoisser, Stefan and Pauly, Olivier and Heibel, Hauke and Martina, Marek and Bokeloh, Martin},
  booktitle={Proceedings of the IEEE/CVF international conference on computer vision workshops},
  pages={0--0},
  year={2019}
}

@article{guo2022ganmouflage,
  title={GANmouflage: 3D Object Nondetection with Texture Fields},
  author={Guo, Rui and Collins, Jasmine and de Lima, Oscar and Owens, Andrew},
  journal={arXiv preprint arXiv:2201.07202},
  year={2022}
}

@InProceedings{Zhang_2020_CVPR,
author = {Zhang, Yan and Hassan, Mohamed and Neumann, Heiko and Black, Michael J. and Tang, Siyu},
title = {Generating 3D People in Scenes Without People},
booktitle = {Proceedings of the IEEE/CVF Conference on Computer Vision and Pattern Recognition (CVPR)},
month = {June},
year = {2020}
}

@inproceedings{zhang2020place,
  title={PLACE: Proximity learning of articulation and contact in 3D environments},
  author={Zhang, Siwei and Zhang, Yan and Ma, Qianli and Black, Michael J and Tang, Siyu},
  booktitle={2020 International Conference on 3D Vision (3DV)},
  pages={642--651},
  year={2020},
  organization={IEEE}
}

@article{rodriguez2022seamlessgan,
  title={SeamlessGAN: Self-Supervised Synthesis of Tileable Texture Maps},
  author={Rodriguez-Pardo, Carlos and Garces, Elena},
  journal={arXiv preprint arXiv:2201.05120},
  year={2022}
}


@unpublished{simtorealhabib,
author = {{Syed Talal Wasim, Syed N Hasany, Kainat Abbasi, Huda Feroz, Mudasir H Shaikh, Muhammad Farhan}},
title = {Sim-to-Real Transfer for Object Detection and Localization on Animals},
addendum = {Poster
presented at IEEE Conference on Computer Vision and Pattern Recognition}
}
