@article{DBLP:journals/corr/BideauL16,
  author    = {Pia Bideau and
               Erik G. Learned{-}Miller},
  title     = {It's Moving! {A} Probabilistic Model for Causal Motion Segmentation
               in Moving Camera Videos},
  journal   = {CoRR},
  volume    = {abs/1604.00136},
  year      = {2016}
}
@article{DBLP:journals/corr/abs-2011-11630,
  author    = {Hala Lamdouar and
               Charig Yang and
               Weidi Xie and
               Andrew Zisserman},
  title     = {Betrayed by Motion: Camouflaged Object Discovery via Motion Segmentation},
  journal   = {CoRR},
  volume    = {abs/2011.11630},
  year      = {2020}
}
@article{surveyZaidi,
  author    = {Syed Sahil Abbas Zaidi and
               Mohammad Samar Ansari and
               Asra Aslam and
               Nadia Kanwal and
               Mamoona Naveed Asghar and
               Brian Lee},
  title     = {A Survey of Modern Deep Learning based Object Detection Models},
  journal   = {CoRR},
  volume    = {abs/2104.11892},
  year      = {2021},
  url       = {https://arxiv.org/abs/2104.11892},
  eprinttype = {arXiv},
  eprint    = {2104.11892},
  timestamp = {Tue, 01 Feb 2022 08:16:15 +0100},
  biburl    = {https://dblp.org/rec/journals/corr/abs-2104-11892.bib},
  bibsource = {dblp computer science bibliography, https://dblp.org}
}

@article{coco,
  author    = {Tsung{-}Yi Lin and
               Michael Maire and
               Serge J. Belongie and
               Lubomir D. Bourdev and
               Ross B. Girshick and
               James Hays and
               Pietro Perona and
               Deva Ramanan and
               Piotr Doll{\'{a}}r and
               C. Lawrence Zitnick},
  title     = {Microsoft {COCO:} Common Objects in Context},
  journal   = {CoRR},
  volume    = {abs/1405.0312},
  year      = {2014},
  url       = {http://arxiv.org/abs/1405.0312},
  eprinttype = {arXiv},
  eprint    = {1405.0312},
  timestamp = {Mon, 13 Aug 2018 16:48:13 +0200},
  biburl    = {https://dblp.org/rec/journals/corr/LinMBHPRDZ14.bib},
  bibsource = {dblp computer science bibliography, https://dblp.org}
}


@article{CamouflageLyu,
  author    = {Yunqiu Lyu and
               Jing Zhang and
               Yuchao Dai and
               Aixuan Li and
               Bowen Liu and
               Nick Barnes and
               Deng{-}Ping Fan},
  title     = {Simultaneously Localize, Segment and Rank the Camouflaged Objects},
  journal   = {CoRR},
  volume    = {abs/2103.04011},
  year      = {2021},
  url       = {https://arxiv.org/abs/2103.04011},
  eprinttype = {arXiv},
  eprint    = {2103.04011},
  timestamp = {Tue, 20 Apr 2021 16:59:22 +0200},
  biburl    = {https://dblp.org/rec/journals/corr/abs-2103-04011.bib},
  bibsource = {dblp computer science bibliography, https://dblp.org}
}

@InProceedings{TransformerYang,
    author    = {Yang, Fan and Zhai, Qiang and Li, Xin and Huang, Rui and Luo, Ao and Cheng, Hong and Fan, Deng-Ping},
    title     = {Uncertainty-Guided Transformer Reasoning for Camouflaged Object Detection},
    booktitle = {Proceedings of the IEEE/CVF International Conference on Computer Vision (ICCV)},
    month     = {October},
    year      = {2021},
    pages     = {4146-4155}
}

@ARTICLE{ConcealedFan,  author={Fan, Deng-Ping and Ji, Ge-Peng and Cheng, Ming-Ming and Shao, Ling},  journal={IEEE Transactions on Pattern Analysis and Machine Intelligence},   title={Concealed Object Detection},   year={2021},  volume={},  number={},  pages={1-1},  doi={10.1109/TPAMI.2021.3085766}}




@InProceedings{Fan_2020_CVPR,
author = {Fan, Deng-Ping and Ji, Ge-Peng and Sun, Guolei and Cheng, Ming-Ming and Shen, Jianbing and Shao, Ling},
title = {Camouflaged Object Detection},
booktitle = {Proceedings of the IEEE/CVF Conference on Computer Vision and Pattern Recognition (CVPR)},
month = {June},
year = {2020}
}

@InProceedings{Lamdouar_2020_ACCV,
    author    = {Lamdouar, Hala and Yang, Charig and Xie, Weidi and Zisserman, Andrew},
    title     = {Betrayed by Motion: Camouflaged Object Discovery via Motion Segmentation},
    booktitle = {Proceedings of the Asian Conference on Computer Vision (ACCV)},
    month     = {November},
    year      = {2020}
}



@article{price2019background,
  title={Background matching and disruptive coloration as habitat-specific strategies for camouflage},
  author={Price, Natasha and Green, Samuel and Troscianko, Jolyon and Tregenza, Tom and Stevens, Martin},
  journal={Scientific reports},
  volume={9},
  number={1},
  pages={1--10},
  year={2019},
  publisher={Nature Publishing Group}
}

@article{yan2021mirrornet,
  title={MirrorNet: Bio-inspired camouflaged object segmentation},
  author={Yan, Jinnan and Le, Trung-Nghia and Nguyen, Khanh-Duy and Tran, Minh-Triet and Do, Thanh-Toan and Nguyen, Tam V},
  journal={IEEE Access},
  volume={9},
  pages={43290--43300},
  year={2021},
  publisher={IEEE}
}
@article{le2019anabranch,
  title={Anabranch network for camouflaged object segmentation},
  author={Le, Trung-Nghia and Nguyen, Tam V and Nie, Zhongliang and Tran, Minh-Triet and Sugimoto, Akihiro},
  journal={Computer Vision and Image Understanding},
  volume={184},
  pages={45--56},
  year={2019},
  publisher={Elsevier}
}
@inproceedings{lv2021simultaneously,
  title={Simultaneously localize, segment and rank the camouflaged objects},
  author={Lv, Yunqiu and Zhang, Jing and Dai, Yuchao and Li, Aixuan and Liu, Bowen and Barnes, Nick and Fan, Deng-Ping},
  booktitle={Proceedings of the IEEE/CVF Conference on Computer Vision and Pattern Recognition},
  pages={11591--11601},
  year={2021}
}

@INPROCEEDINGS{9156837,  author={Fan, Deng-Ping and Ji, Ge-Peng and Sun, Guolei and Cheng, Ming-Ming and Shen, Jianbing and Shao, Ling},  booktitle={2020 IEEE/CVF Conference on Computer Vision and Pattern Recognition (CVPR)},   title={Camouflaged Object Detection},   year={2020},  volume={},  number={},  pages={2774-2784},  doi={10.1109/CVPR42600.2020.00285}}

@ARTICLE{9444794,  author={Fan, Deng-Ping and Ji, Ge-Peng and Cheng, Ming-Ming and Shao, Ling},  journal={IEEE Transactions on Pattern Analysis and Machine Intelligence},   title={Concealed Object Detection},   year={2021},  volume={},  number={},  pages={1-1},  doi={10.1109/TPAMI.2021.3085766}}

@INPROCEEDINGS{9710683,  author={Yang, Fan and Zhai, Qiang and Li, Xin and Huang, Rui and Luo, Ao and Cheng, Hong and Fan, Deng-Ping},  booktitle={2021 IEEE/CVF International Conference on Computer Vision (ICCV)},   title={Uncertainty-Guided Transformer Reasoning for Camouflaged Object Detection},   year={2021},  volume={},  number={},  pages={4126-4135},  doi={10.1109/ICCV48922.2021.00411}}


@INPROCEEDINGS{8297083,
  author={Li, Shuai and Florencio, Dinei and Zhao, Yaqin and Cook, Chris and Li, Wanqing},
  booktitle={2017 IEEE International Conference on Image Processing (ICIP)}, 
  title={Foreground detection in camouflaged scenes}, 
  year={2017},
  volume={},
  number={},
  pages={4247-4251},
  doi={10.1109/ICIP.2017.8297083}}
  
  
@inproceedings{10.1145/3321408.3326662,
author = {Fang, Zheng and Zhang, Xiongwei and Deng, Xiaotong and Cao, Tieyong and Zheng, Changyan},
title = {Camouflage People Detection via Strong Semantic Dilation Network},
year = {2019},
isbn = {9781450371582},
publisher = {Association for Computing Machinery},
address = {New York, NY, USA},
url = {https://doi.org/10.1145/3321408.3326662},
doi = {10.1145/3321408.3326662},
booktitle = {Proceedings of the ACM Turing Celebration Conference - China},
articleno = {134},
numpages = {7},
keywords = {end-to-end, dilated convolutions, strong semantic dilation network, camouflage people detection, semantic information},
location = {Chengdu, China},
series = {ACM TURC '19}
}


@inproceedings{last,
author = {Li, Ce and Zhao, Xinyu and Wan, Yuqi},
year = {2017},
month = {10},
pages = {476-485},
title = {The Camouflage Color Target Detection with Deep Networks},
isbn = {978-3-319-70089-2},
doi = {10.1007/978-3-319-70090-8_49}
}

@article{DBLP:journals/corr/RedmonDGF15,
  author    = {Joseph Redmon and
               Santosh Kumar Divvala and
               Ross B. Girshick and
               Ali Farhadi},
  title     = {You Only Look Once: Unified, Real-Time Object Detection},
  journal   = {CoRR},
  volume    = {abs/1506.02640},
  year      = {2015}
}

@article{1,
   title={Faster R-CNN: Towards Real-Time Object Detection with Region Proposal Networks},
   journal={IEEE Transactions on Pattern Analysis and Machine Intelligence},
   publisher={Institute of Electrical and Electronics Engineers (IEEE)},
   author={Ren, Shaoqing and He, Kaiming and Girshick, Ross and Sun, Jian},
   year={2017},
   month={Jun},
}

@inproceedings{2,
  author    = {Nicolas Carion and
               Francisco Massa and
               Gabriel Synnaeve and
               Nicolas Usunier and
               Alexander Kirillov and
               Sergey Zagoruyko},
  title     = {End-to-End Object Detection with Transformers},
  booktitle = {ECCV},
  year      = {2020}
}

@inproceedings{3,
  title={Fast r-cnn},
  author={Girshick, Ross},
  booktitle={Proceedings of the IEEE international conference on computer vision},
  year={2015}
}

@article{4,
  title={VarifocalNet: An IoU-aware Dense Object Detector},
  author={Zhang, Haoyang and Wang, Ying and Dayoub, Feras and S{\"u}nderhauf, Niko},
  journal={arXiv preprint arXiv:2008.13367},
  year={2020}
}

@inproceedings{5,
  title={You Only Look One-level Feature},
  author={Chen, Qiang and Wang, Yingming and Yang, Tong and Zhang, Xiangyu and Cheng, Jian and Sun, Jian},
  booktitle={IEEE Conference on Computer Vision and Pattern Recognition},
  year={2021}
}

@article{6,
  title={{YOLOX}: Exceeding YOLO Series in 2021},
  author={Ge, Zheng and Liu, Songtao and Wang, Feng and Li, Zeming and Sun, Jian},
  journal={arXiv preprint arXiv:2107.08430},
  year={2021}
}

@article{DBLP:journals/corr/abs-2103-17123,
  author    = {Trung{-}Nghia Le and
               Yubo Cao and
               Tan{-}Cong Nguyen and
               Khanh{-}Duy Nguyen and
               Thanh{-}Toan Do and
               Minh{-}Triet Tran and
               Tam V. Nguyen},
  title     = {Camouflaged Instance Segmentation: Dataset and Benchmark Suite},
  journal   = {CoRR},
  volume    = {abs/2103.17123},
  year      = {2021}
}

@software{glenn_jocher_2021_5563715,
  author       = {Glenn Jocher et. al.},
  title        = {{ultralytics/yolov5: v6.0 - YOLOv5n 'Nano' models, 
                   Roboflow integration, TensorFlow export, OpenCV
                   DNN support}},
  month        = oct,
  year         = 2021,
  publisher    = {Zenodo},
  version      = {v6.0},
  doi          = {10.5281/zenodo.5563715},
  url          = {https://doi.org/10.5281/zenodo.5563715}
}
